@BOOK{nie,
    author       = "Hanne Riis Nielson and Flemming Nielson",
    title        = "Semantics with Applications: A Formal Introduction",
    year         = "1992",
    publisher    = "Wiley",
    edition      = "1999 revised",
    url          = "http://www2.imm.dtu.dk/pubdb/p.php?2485"
}

